@article{Hoffmann,
  doi       = {10.1017/s0960129521000487},
  url       = {https://doi.org/10.1017/s0960129521000487},
  year      = {2022},
  month     = mar,
  publisher = {Cambridge University Press ({CUP})},
  volume    = {32},
  pages     = {729--759},
  author    = {Jan Hoffmann and Steffen Jost},
  title     = {Two decades of automatic amortized resource analysis},
  journal   = {Mathematical Structures in Computer Science}
}

@misc{Levy,
  howpublished = {\url{https://www.cs.bham.ac.uk/~pbl/papers/thesisqmwphd.pdf}},
  year         = {2001},
  author       = {Paul Blain Levy},
  title        = {Thése sur Call-By-Push-Value}
}

@misc{RAML,
  author       = {Hoffmann, Jan},
  title        = {Resource Aware ML},
  howpublished = {\url{https://www.raml.co/}}
  year         = {2023}
}

@book{Kurt,
  title     = {Get Programming with Haskell},
  author    = {Kurt, Will},
  year      = {2018},
  publisher = {Manning Publications}
}

@book{Pierce,
  title     = {Types and Programming Languages},
  author    = {Pierce, B. C.},
  year      = {2002},
  publisher = {MIT Press}
}

@book{Winskel,
  title     = {The Formal Semantics of Programming Languages: An Introduction},
  author    = {Winskel, Glynn},
  year      = {1993},
  publisher = {MIT Press},
  address   = {Cambridge, Massachusetts; London, England}
}

@book{Aho,
  title     = {Compilers: Principles, Techniques, and Tools},
  author    = {Aho, Alfred V. and Lam, Monica S. and Sethi, Ravi and Ullman, Jeffrey D.},
  year      = {2007},
  publisher = {Pearson Addison Wesley},
  address   = {Boston, Massachusetts; San Francisco, California; New York}
}

@book{Minsky_Ocaml,
  title        = {Real World OCaml},
  author       = {Minsky, Yaron and Madhavapeddy, Anil and Hickey, Jason},
  year         = {2013},
  publisher    = {O'Reilly Media},
  howpublished = {\url{https://dev.realworldocaml.org/}}
}

@article{Avanzini,
  doi       = {10.1145/3110287},
  url       = {https://doi.org/10.1145/3110287},
  year      = {2017},
  month     = aug,
  publisher = {Association for Computing Machinery ({ACM})},
  volume    = {1},
  number    = {{ICFP}},
  pages     = {1--29},
  author    = {Martin Avanzini and Ugo Dal Lago},
  title     = {Automating sized-type inference for complexity analysis},
  journal   = {Proceedings of the {ACM} on Programming Languages}
}

@article{Orchard,
  doi       = {10.1145/3341714},
  url       = {https://doi.org/10.1145/3341714},
  year      = {2019},
  month     = jul,
  publisher = {Association for Computing Machinery ({ACM})},
  volume    = {3},
  number    = {{ICFP}},
  pages     = {1--30},
  author    = {Dominic Orchard and Vilem-Benjamin Liepelt and Harley Eades III},
  title     = {Quantitative program reasoning with graded modal types},
  journal   = {Proceedings of the {ACM} on Programming Languages}
}

@misc{Leroy,
  author       = {Leroy, Xavier},
  title        = {OCaml Library},
  howpublished = {\url{https://ocaml.org/api/}}
}

@misc{haskell_wikibooks,
  title        = {{Haskell - Wikibooks, open books for an open world}},
  author       = {Wikibooks contributors},
  howpublished = {\url{https://en.wikibooks.org/wiki/Haskell}}
}

@misc{chailloux,
  title        = {Développement d’applications avec Objective Caml},
  author       = {Chailloux, Emmanuel and Manoury, Pascal and Pagano, Bruno},
  year         = {2000},
  howpublished = {Paris, France},
  publisher    = {O'Reilly Media},
  howpublished = {\url{https://www-apr.lip6.fr/~chaillou/Public/DA-OCAML/}}
}

@misc{autobill,
  title        = {Autobill},
  author       = {Suzanne, Hector},
  year         = {2023},
  howpublished = {\url{https://gitlab.lip6.fr/suzanneh/autobill}}
}

 @misc{coq,
  title        = {The coq proof assistant},
  howpublished = {\url{https://coq.inria.fr/}},
  journal      = {The Coq Proof Assistant},
  year         = {2023},
  author       = {INRIA}
} 

 @misc{minizinc,
  title        = {Minizinc},
  howpublished = {\url{https://www.minizinc.org/}},
  journal      = {MiniZinc},
  year         = {2023}
} 

@misc{rescript,
  title        = {Rescript},
  howpublished = {\url{https://rescript-lang.org/}},
  journal      = {Rescript},
  year         = {2023}
} 

@misc{reasonml,
  title        = {ReasonML},
  howpublished = {\url{https://reasonml.github.io/}},
  journal      = {ReasonML},
  year         = {2023}
} 

@misc{angularjs,
  title        = {AngularJS},
  howpublished = {\url{https://angular.io/}},
  journal      = {AngularJS},
  year         = {2023}
} 

@misc{vuejs,
  title        = {VueJS},
  howpublished = {\url{https://vuejs.org/}},
  journal      = {VueJs},
  year         = {2023}
} 

 @misc{react,
  title        = {React – Une bibliothèque JavaScript pour créer des interfaces utilisateurs},
  howpublished = {\url{https://fr.reactjs.org/}},
  author       = {Facebook},
  year         = {2023}
} 
 @misc{codemirror,
  title        = {Codemirror},
  howpublished = {\url{https://codemirror.net/}},
  journal      = {CodeMirror},
  author       = {Haverbeke, Marijn},
  year         = {2023}
} 
 @misc{js_of_ocaml,
  howpublished = {\url{https://ocsigen.org/js_of_ocaml/latest/manual/overview}},
  journal      = {Js_of_ocaml},
  publisher    = {Ocsigen},
  author       = {Ocsigen},
  year         = {2023}
} 

 @misc{menhir,
  title        = {Menhir Parser},
  howpublished = {\url{http://gallium.inria.fr/~fpottier/menhir/manual.html}},
  journal      = {Menhir Reference Manual},
  author       = {INRIA},
  year         = {2023}
} 

@misc{Node_js,
  title        = {Node.js},
  howpublished = {\url{https://nodejs.org/en}},
  journal      = {Node.js},
  year         = {2023}
} 


@misc{Child_Processes,
  title        = {Child processes},
  howpublished = {\url{https://nodejs.org/api/child_process.html}},
  journal      = {Child processes},
  year         = {2023}
} 

@misc{Express_js,
  title        = {Express.js},
  howpublished = {\url{https://expressjs.com/fr/}},
  journal      = {Express.js},
  year         = {2023}
} 

@misc{morgan,
  title        = {morgan},
  howpublished = {\url{https://www.npmjs.com/package/morgan}},
  journal      = {morgan},
  year         = {2023}
} 

@misc{helmet,
  title        = {helmet},
  howpublished = {\url{https://helmetjs.github.io/}},
  journal      = {helmet},
  author       = {Adam Baldwin},
  year         = {2023}
} 

@misc{PC3R,
  title        = {Cours PC2R},
  howpublished = {\url{https://www-apr.lip6.fr/~chaillou/Public/enseignement/2018-2019/pc2r/public/cours/Cours08.pdf}},
  author       = {Chailloux, Emmanuel},
  year         = {2018}
} 

@misc{APS,
  title        = {Cours APS},
  howpublished = {\url{https://www-apr.lip6.fr/~manoury/Enseignement/2021-22/APS/index.html}},
  journal      = {Analyse de programmes et sémantique},
  author       = {MANOURY, Pascal},
  year         = {2021}
} 