@article{Hoffmann2022,
  doi = {10.1017/s0960129521000487},
  url = {https://doi.org/10.1017/s0960129521000487},
  year = {2022},
  month = mar,
  publisher = {Cambridge University Press ({CUP})},
  volume = {32},
  number = {6},
  pages = {729--759},
  author = {Jan Hoffmann and Steffen Jost},
  title = {Two decades of automatic amortized resource analysis},
  journal = {Mathematical Structures in Computer Science}
}

@incollection{Levy2003,
  doi = {10.1007/978-94-007-0954-6_2},
  url = {https://doi.org/10.1007/978-94-007-0954-6_2},
  year = {2003},
  publisher = {Springer Netherlands},
  pages = {27--47},
  author = {Paul Blain Levy},
  title = {Call-By-Push-Value: A Subsuming Paradigm},
  booktitle = {Call-By-Push-Value}
}

@web{HoffmannRAML,
  author={Hoffmann, Jan},
  title={Resource Aware ML},
  howpublished="\url{https://www.raml.co/}",
}

@book{Kurt2018,
  title={Get Programming with Haskell},
  author={Kurt, Will},
  year={2018},
  publisher={Manning Publications}
}

@book{Pierce2002,
  title={Types and Programming Languages},
  author={Pierce, B. C.},
  year={2002},
  publisher={MIT Press}
}

@book{Winskel1993,
  title={The Formal Semantics of Programming Languages: An Introduction},
  author={Winskel, Glynn},
  year={1993},
  publisher={MIT Press},
  address={Cambridge, Massachusetts; London, England}
}

@book{Aho2007,
  title={Compilers: Principles, Techniques, and Tools},
  author={Aho, Alfred V. and Lam, Monica S. and Sethi, Ravi and Ullman, Jeffrey D.},
  year={2007},
  publisher={Pearson Addison Wesley},
  edition={2},
  address={Boston, Massachusetts; San Francisco, California; New York}
}

@book{Minsky2013,
  title={Real World OCaml},
  author={Minsky, Yaron and Madhavapeddy, Anil and Hickey, Jason},
  year={2013},
  publisher={O'Reilly Media},
  howpublished="\url{https://dev.realworldocaml.org/}"
}

@article{Avanzini2017,
  doi = {10.1145/3110287},
  url = {https://doi.org/10.1145/3110287},
  year = {2017},
  month = aug,
  publisher = {Association for Computing Machinery ({ACM})},
  volume = {1},
  number = {{ICFP}},
  pages = {1--29},
  author = {Martin Avanzini and Ugo Dal Lago},
  title = {Automating sized-type inference for complexity analysis},
  journal = {Proceedings of the {ACM} on Programming Languages}
}

@article{Orchard2019,
  doi = {10.1145/3341714},
  url = {https://doi.org/10.1145/3341714},
  year = {2019},
  month = jul,
  publisher = {Association for Computing Machinery ({ACM})},
  volume = {3},
  number = {{ICFP}},
  pages = {1--30},
  author = {Dominic Orchard and Vilem-Benjamin Liepelt and Harley Eades III},
  title = {Quantitative program reasoning with graded modal types},
  journal = {Proceedings of the {ACM} on Programming Languages}
}

@web{Leroy2022,
  author={Leroy, Xavier},
  title={OCaml Library},
  howpublished="\url{https://ocaml.org/api/}",
}

@web{haskell_wikibooks,
title = {{Haskell - Wikibooks, open books for an open world}},
author = {Wikibooks contributors},
howpublished = "\url{https://en.wikibooks.org/wiki/Haskell}",
}

@web{chailloux2000,
title = {Développement d’applications avec Objective Caml},
author = {Chailloux, Emmanuel and Manoury, Pascal and Pagano, Bruno},
year = {2000},
howpublished = {Paris, France},
publisher={O'Reilly Media},
howpublished = "\url{https://www-apr.lip6.fr/~chaillou/Public/DA-OCAML/}",
}

@web{suzanne_autobill_2023,
title = {{Autobill}},
author = {Suzanne, Hector},
year = {2023},
howpublished = "\url{https://gitlab.lip6.fr/suzanneh/autobill}",
}